@misc{eu-parliament,
  title="{CO2 emissions from cars: facts and figures (infographics)}",
  howpublished={\url{https://www.europarl.europa.eu/news/en/headlines/society/20190313STO31218/co2-emissions-from-cars-facts-and-figures-infographics}},
  note={Accessed: 11-07-2020}
}

@misc{Weiss00onthe,
    author = {Malcolm A. Weiss and John B. Heywood and Elisabeth M. Drake and Andreas Schafer and Felix F. Auyeung},
    title = {On The Road In 2020 - A life-cycle analysis of new automobile technologies},
    year = {2000}
}

@misc{vensim,
  title="{Vensim Software | Vensim}",
  howpublished={\url{http://vensim.com/vensim-software}},
  note={Accessed: 09-07-2020}
}

@misc{vensim-youtube,
  title="{Building A Simple Vensim Model}",
  howpublished={\url{https://www.youtube.com/watch?v=0JsI9ZYPS54}},
  note={Accessed: 10-07-2020}
}

@misc{vensim-youtube-lookups,
  title="{Lookups in Vensim}",
  howpublished={\url{https://vimeo.com/55318481}},
  note={Accessed: 10-07-2020}
}

@misc{eco-news-article,
  title="{ECO: Número de carros elétricos em Portugal duplica num ano}",
  howpublished={\url{https://eco.sapo.pt/2019/01/23/numero-de-carros-eletricos-em-portugal-duplica-num-ano}},
  note={Accessed: 07-07-2020}
}

@misc{dv-news-article,
  title="{Dinheiro Vivo: Portugal é campeão na venda de carros elétricos, mas falta rede de carregamento}",
  howpublished={\url{https://www.dinheirovivo.pt/economia/portugal-e-campeao-na-venda-de-carros-eletricos-mas-falta-rede-de-carregamento}},
  note={Accessed: 07-07-2020}
}

@misc{obs-news-article,
  title="{Observador: Um milhão de veículos elétricos em 2020}",
  howpublished={\url{https://observador.pt/2020/02/07/um-milhao-de-veiculos-eletricos-em-2020}},
  note={Accessed: 08-07-2020}
}

@misc{uve-news-article,
  title="{UVE: Junho de 2020, veículos elétricos retomam o crescimento}",
  howpublished={\url{https://www.uve.pt/page/vendas-ve-junho-2020/}},
  note={Accessed: 08-07-2020}
}

@misc{mod-helper,
    author = {Manuel de Oliveira Duarte and Hugo Félix},
    title = "{Exemplos de Utilização da Ferramenta Vensim}",
    year = {2011}
}

@misc{pedro-report,
    author = {Pedro José Gomes Ferreira},
    title = "{Electric cars adoption throughout the years and in the future: A System Dynamics}",
    year = {2019}
}

@misc{thesis-base,
    author = {Tim Bongard},
    title = {A System dynamics model for the adoption process of electric vehicles from a consumer perspective},
    year = {2011}
}

@misc{yue-xiang-paper,
    author = {Yue Xiang and Hao Zhou and Wei Yang and Junyong Liu and Yi Niu and Jiahui Guo},
    title = "{Scale Evolution of Electric Vehicles: A System Dynamics Approach}",
    year = {2016}
}